<?xml version="1.0" encoding="UTF-8"?><collection xmlns="http://www.loc.gov/MARC21/slim"><record><leader>00340nam--2200121-i-4500</leader><controlfield tag="001">000009467</controlfield><controlfield tag="002">20161230</controlfield><controlfield tag="005">20161230201028</controlfield><controlfield tag="008">060222s1000------------r-----000-0-eng-d</controlfield><datafield ind1=" " ind2=" " tag="245"><subfield code="a">Science and technology in the world of the future</subfield></datafield><datafield ind1=" " ind2=" " tag="260"><subfield code="a">New York, Wiley-interscience, 1970</subfield></datafield><datafield ind1=" " ind2=" " tag="490"><subfield code="a">Xxii + 394 P.(Cu Fig.)</subfield></datafield><datafield ind1=" " ind2=" " tag="700"><subfield code="a">Brownell, Arthur B</subfield></datafield></record></collection>